% Referencias para uso:

% - paralelizacao do milonga
% - desenvolvimento software livre

% Author: Vitor Vasconcelos
% Date: 23/03/2017


@article{Henderson17,
  author = {Henderson, Fergus},
  biburl = {https://www.bibsonomy.org/bibtex/22e426345f0dddebb318abf7def49525c/dblp},
  ee = {http://arxiv.org/abs/1702.01715},
  interhash = {e7cf2e3e9da28d4a81f902d6e27553c5},
  intrahash = {2e426345f0dddebb318abf7def49525c},
  journal = {CoRR},
  keywords = {dblp},
  timestamp = {2017-03-04T11:35:12.000+0100},
  title = {Software Engineering at Google.},
  url = {http://dblp.uni-trier.de/db/journals/corr/corr1702.html#Henderson17},
  volume = {abs/1702.01715},
  year = 2017
}

% WASORA
@misc{wasora,
  title = {wasora's an advanced suite for optimiztion \& reactor analisys},
  howpublished = {\url{https://www.seamplex.com/wasora/}},
  note = {Accessed: 2017-11-29}
}

% PETSc
@InProceedings{petsc,
  Author = "Satish Balay and William D. Gropp and Lois Curfman McInnes and Barry F.  Smith",
  Title = "Efficient Management of Parallelism in Object Oriented Numerical Software Libraries",
  Booktitle = "Modern Software Tools in Scientific Computing",
  Editor = "E. Arge and A. M. Bruaset and H. P. Langtangen",
  Pages = "163--202",
  Publisher = "Birkh{\"{a}}user Press",
  Year = "1997"
}

% SLEPc
@Article{Hernandez2005,
   author  = "Vicente Hernandez and Jose E. Roman and Vicente Vidal",
   title   = "{SLEPc}: A scalable and flexible toolkit for the solution of eigenvalue problems",
   journal = "{ACM} Trans. Math. Software",
   volume  = "31",
   number  = "3",
   pages   = "351--362",
   year    = "2005"
}
