% Referencias para uso:

% - paralelizacao do milonga
% - desenvolvimento software livre

% Author: Vitor Vasconcelos
% Date: 23/03/2017


@article{Henderson17,
  author = {Henderson, Fergus},
  biburl = {https://www.bibsonomy.org/bibtex/22e426345f0dddebb318abf7def49525c/dblp},
  ee = {http://arxiv.org/abs/1702.01715},
  interhash = {e7cf2e3e9da28d4a81f902d6e27553c5},
  intrahash = {2e426345f0dddebb318abf7def49525c},
  journal = {CoRR},
  keywords = {dblp},
  timestamp = {2017-03-04T11:35:12.000+0100},
  title = {Software Engineering at Google.},
  url = {http://dblp.uni-trier.de/db/journals/corr/corr1702.html#Henderson17},
  volume = {abs/1702.01715},
  year = 2017
}

% WASORA
@misc{wasora,
  title = {wasoras an advanced suite for optimiztion \& reactor analisys},
<<<<<<< HEAD
  howpublished = {https://www.seamplex.com/wasora},
=======
  url = {https://www.seamplex.com/wasora},
>>>>>>> 544e69588afcf161374b70c11458d19a2e3e32cb
  note = {Accessed: 2017-11-29}
}

% GSL
@manual{gsl2016,
  author = {Galassi, Mark and Davies, Jim and Theiler, James and Gough, Brian and Jungman, Gerard and Alken, Patrick
  and Booth, Michael and Rossi, Fabrice and Ulerich, Rhys},
  title = {GNU Scientific Library Reference Manual},
  url = {https://www.gnu.org/software/gsl/},
  edition = 2.3,
  month = December,
  year = 2016
}

% PETSc
@InProceedings{petsc,
  Author = "Satish Balay and William D. Gropp and Lois Curfman McInnes and Barry F.  Smith",
  Title = "Efficient Management of Parallelism in Object Oriented Numerical Software Libraries",
  Booktitle = "Modern Software Tools in Scientific Computing",
  Editor = "E. Arge and A. M. Bruaset and H. P. Langtangen",
  Pages = "163--202",
  Publisher = "Birkh{\"{a}}user Press",
  Year = "1997"
}

% SLEPc
@Article{Hernandez2005,
   author  = "Vicente Hernandez and Jose E. Roman and Vicente Vidal",
   title   = "{SLEPc}: A scalable and flexible toolkit for the solution of eigenvalue problems",
   journal = "{ACM} Trans. Math. Software",
   volume  = "31",
   number  = "3",
   pages   = "351--362",
   year    = "2005"
}

% K-D-Tree
@article{Bentley1975,
 author = {Bentley, Jon Louis},
 title = {Multidimensional Binary Search Trees Used for Associative Searching},
 journal = {Commun. ACM},
 issue_date = {Sept. 1975},
 volume = {18},
 number = {9},
 month = sep,
 year = {1975},
 issn = {0001-0782},
 pages = {509--517},
 numpages = {9},
 url = {http://doi.acm.org/10.1145/361002.361007},
 doi = {10.1145/361002.361007},
 acmid = {361007},
 publisher = {ACM},
 address = {New York, NY, USA},
 keywords = {associative retrieval, attribute, binary search trees, binary tree insertion, information retrieval system, intersection queries, key, nearest neighbor queries, partial match queries},
} 

